% Пример библиографической базы данных
% Замените эти записи реальными источниками

@article{example1,
    author = {Иванов, И. И. and Петров, П. П.},
    title = {Современные подходы к анализу клеточного метаболизма},
    journal = {Журнал биологической химии},
    volume = {45},
    number = {3},
    pages = {128--142},
    year = {2023},
    doi = {10.1234/jbc.2023.45.3.128}
}

@book{example2,
    author = {Сидоров, С. С.},
    title = {Биоэнергетика клетки},
    publisher = {Научное издательство},
    address = {Москва},
    year = {2020},
    pages = {320}
}

@inproceedings{example3,
    author = {Смирнов, А. А. and Кузнецов, Б. Б.},
    title = {Регуляция синтеза АТФ в условиях стресса},
    booktitle = {Материалы международной конференции по клеточной биологии},
    year = {2022},
    pages = {56--59},
    address = {Санкт-Петербург}
}

@online{example4,
    author = {Национальный центр биотехнологической информации},
    title = {База данных метаболических путей},
    year = {2023},
    url = {https://www.example.org/metabolic-pathways},
    urldate = {2023-12-15}
}

% ---------------- ПАТЕНТЫ ----------------

% Пример российского патента
@patent{example5,
    author = {Иванов, И. И. and Петров, П. П.},
    title = {Способ получения биологически активного соединения},
    number = {RU 2123456 C1},
    date = {2021-06-15},
    year = {2021},
    holder = {ООО «НаучТех»},
    address = {Москва},
    type = {Патент РФ},
    language = {russian},
    url = {https://new.fips.ru/registers-doc-view/fips_servlet...},
    urldate = {2023-10-10}
}

% Пример зарубежного патента (США)
@patent{example6,
    author = {Smith, J. and Johnson, R.},
    title = {Method and apparatus for energy production},
    number = {US 9876543 B2},
    date = {2020-03-22},
    year = {2020},
    holder = {Green Energy Inc.},
    address = {USA},
    type = {U.S. Patent},
    language = {english},
    url = {https://patents.google.com/patent/...},
    urldate = {2023-09-05}
}

% Пример европейского патента
@patent{example7,
    author = {Müller, H. and Schmidt, K. and Dupont, J.},
    title = {Verfahren zur herstellung von Biomolekülen},
    number = {EP 3456789 A1},
    date = {2022-01-30},
    year = {2022},
    holder = {BioTech GmbH},
    address = {Deutschland},
    type = {European Patent Application},
    language = {german},
    url = {https://data.epo.org/...},
    urldate = {2023-11-15}
}

% Пример патента с организацией в качестве автора
@patent{example8,
    author = {{Институт биоорганической химии им. академиков М.М. Шемякина и Ю.А. Овчинникова РАН}},
    title = {Ингибитор фермента гиалуронидазы и способ его получения},
    number = {RU 2765432 C2},
    date = {2023-02-10},
    year = {2023},
    type = {Патент РФ},
    address = {Россия},
    language = {russian}
}

% Пример патента на полезную модель
@patent{example8,
    author = {Сидоров, С. С.},
    title = {Устройство для экспресс-анализа биологических образцов},
    number = {RU 175432 U1},
    date = {2022-07-05},
    year = {2022},
    holder = {Сидоров Семен Семенович},
    address = {Россия},
    type = {Патент на полезную модель РФ},
    language = {russian}
}